<record><leader>00000cas a22000007a 4500</leader><controlfield tag="001">12213372</controlfield><controlfield tag="008">850628d18651865iauwr ne      0    0eng d</controlfield><datafield ind1=" " ind2=" " tag="010"><subfield code="a">sn 85049649 </subfield></datafield><datafield ind1=" " ind2=" " tag="040"><subfield code="a">INP</subfield><subfield code="b">eng</subfield><subfield code="c">INP</subfield><subfield code="d">OCLCQ</subfield></datafield><datafield ind1=" " ind2=" " tag="042"><subfield code="a">msc</subfield></datafield><datafield ind1="0" ind2="4" tag="245"><subfield code="a">The Iowa Valley review.</subfield></datafield><datafield ind1=" " ind2=" " tag="260"><subfield code="a">Marengo, Iowa :</subfield><subfield code="b">[s.n.],</subfield><subfield code="c">-1865.</subfield></datafield><datafield ind1=" " ind2=" " tag="300"><subfield code="a">v. :</subfield><subfield code="b">ill. ;</subfield><subfield code="c">57 cm.</subfield></datafield><datafield ind1=" " ind2=" " tag="310"><subfield code="a">Weekly</subfield></datafield><datafield ind1="0" ind2=" " tag="362"><subfield code="a">-v. 4, no. 6 (Aug. 11, 1865).</subfield></datafield><datafield ind1="1" ind2=" " tag="362"><subfield code="a">Began in 1865.</subfield><subfield code="z">Cf. Bibl. of Iowa newspapers.</subfield></datafield><datafield ind1=" " ind2=" " tag="500"><subfield code="a">Publishers: Foreman &amp; Co. &lt;Jan. 27, 1865&gt;-Aug. 11, 1865.</subfield></datafield><datafield ind1=" " ind2=" " tag="500"><subfield code="a">Editor: F.A.C. Foreman, &lt;Jan. 6-Aug. 11, 1865&gt;.</subfield></datafield><datafield ind1=" " ind2=" " tag="588"><subfield code="a">Description based on: Vol. 3, no. 27 (Jan. 6, 1865).</subfield></datafield><datafield ind1=" " ind2=" " tag="752"><subfield code="a">United States</subfield><subfield code="b">Iowa</subfield><subfield code="c">Iowa</subfield><subfield code="d">Marengo.</subfield></datafield><datafield ind1="0" ind2="0" tag="780"><subfield code="t">Iowa County review</subfield><subfield code="w">(DLC)sn 85049570</subfield></datafield><datafield ind1="0" ind2="0" tag="785"><subfield code="t">Progressive republican</subfield><subfield code="w">(DLC)sn 85049569</subfield></datafield></record>